@article{steier2019,
    author = {Steier, Peter and Martschini, Martin and Buchriegler, Josef and Feige, Jenny and Lachner, Johannes and Merchel, Silke and Michlmayr, Leonard and Priller, Alfred and Rugel, Georg and Schmidt, Edith and Wallner, Anton and Wild, Eva Maria and Golser, Robin},
    title = {Comparison of methods for the detection of \(^{10}\)Be with AMS and a new approach based on a silicon nitride foil stack},
    journal = {International Journal of Mass Spectrometry},
    volume = {444},
    year = {2019},
    pages = {116175},
    doi = {10.1016/j.ijms.2019.116175}
}

@book{mcmurry2018,
    author = {McMurry, John E.},
    title = {Chemistry},
    edition = {8},
    publisher = {Pearson},
    year = {Year}
}


@book{tuniz1998ams,
  title={Accelerator Mass Spectrometry: Ultrasensitive Analysis for Global Science},
  author={Tuniz, Claudio and Bird, John R. and Fink, David and Herzog, Gregory F.},
  year={1998},
  publisher={CRC Press},
  address={Boca Raton, FL},
}
@book{schuur2013radiocarbon,
  title={Radiocarbon and Climate Change: Mechanisms, Applications and Laboratory Techniques},
  editor={Schuur, Edward A.G. and Druffel, Ellen R.M. and Trumbore, Susan E.},
  year={2013},
  publisher={Springer},
  address={Dordrecht},
}

@incollection{steinhof2016,
  author    = {Steinhof, A.},
  title     = {Accelerator Mass Spectrometry of Radiocarbon},
  booktitle = {Radiocarbon and Climate Change},
  editor    = {Schuur, E. and Druffel, E. and Trumbore, S.},
  year      = {2016},
  publisher = {Springer},
  address   = {Cham},
  doi       = {10.1007/978-3-319-25643-6_4}
}

@article{olsen2017,
  author    = {Olsen, Jesper and Heinemeier, Jan and L\u00fcll, Veiko and Nadeau, Marie-Jos\u00e9e and Sj\u00f6gren, Per},
  title     = {Radiocarbon Analysis on the New AARAMS 1MV Tandetron},
  journal   = {Radiocarbon},
  volume    = {59},
  number    = {3},
  pages     = {905--913},
  year      = {2017},
  doi       = {10.1017/RDC.2017.13}
}

@manual{HVEE2013,
  author       = "{High Voltage Engineering Europa B.V.}",
  title        = "{Operator Manual 1.0 AMS System}",
  year         = 2013,
  note         = "Version 1.0",
}

@misc{wiki:hall_effect_sensor,
  author = "{Wikipedia contributors}",
  title = "{Hall Effect Sensor --- Wikipedia{,} The Free Encyclopedia}",
  year = "2024",
  url = "https://en.wikipedia.org/wiki/Hall_effect_sensor",
  note = "[Online; accessed 21-October-2024]"
}
@misc{electronics:tutorial_hall_effect,
  author = "{Electronics Tutorials}",
  title = "Hall Effect and the Hall Effect Sensor",
  year = "2024",
  url = "https://www.electronics-tutorials.ws/electromagnetism/hall-effect.html",
  note = "[Online; accessed 21-October-2024]"
}

@misc{web_elements_copper,
  author = {WebElements},
  title = {Copper},
  year = {2024},
  url = {https://www.webelements.com/copper/atoms.html},
  note = {Accessed: 2024-10-21}
}

@article{Kovalchuk2015,
  author = {Kovalchuk, S. and Dzhonov, A. and other authors},
  title = {Design of a Faraday cup with slits for precise measurements of ion beams},
  journal = {Nuclear Instruments and Methods in Physics Research Section A},
  volume = {802},
  pages = {114--120},
  year = {2015},
  doi = {10.1016/j.nima.2015.08.036},
  url = {https://www.sciencedirect.com/science/article/pii/S0168900215011675}
}


@incollection{weisser2005stripper,
  author       = {Weisser, D.},
  title        = {Stripper systems},
  booktitle    = {Electrostatic Accelerators},
  editor       = {Hellborg, R.},
  year         = {2005},
  publisher    = {Springer},
  address      = {Berlin Heidelberg},
  pages        = {166--180}
}


@misc{grdjournal,
  author       = {GRD Journals},
  title        = {GRD Journal Article},
  url          = {https://grdjournals.com/uploads/article/GRDJE/V01/I04/0125/GRDJEV01I040125.pdf},
  note         = {Accessed: 2024-11-04},
}
@online{cockcroftwalton,
  author    = {{National Museums of Scotland}},
  title     = {Cockcroft-Walton generator},
  year      = {2022},
  url       = {https://www.nms.ac.uk/explore-our-collections/stories/science-and-technology/cockcroftwalton-generator},
  note      = {Accessed: 2022-06-08},
}
@book{moller2020,
  author    = {M{\"o}ller, S{\"o}ren},
  title     = {Accelerator Technology: Applications in Science, Medicine, and Industry},
  year      = {2020},
  publisher = {Springer},
  address   = {Cham, Switzerland},
}
@article{Klein2014,
    author    = {Klein, M. and Heinermeier, J. and Gottdang, A. and Mous, D.J.W. and Olsen, J.},
    title     = {Extension of the HVE 1 MV multi-element AMS system for low background},
    journal   = {Nuclear Instruments and Methods in Physics Research Section B},
    volume    = {331},
    pages     = {204--208},
    year      = {2014}
}

@book{sigmund2006,
  author    = {Sigmund, Peter},
  title     = {Particle Penetration and Radiation Effects},
  series    = {Springer Series in Solid State Sciences},
  volume    = {151},
  year      = {2006},
  publisher = {Springer-Verlag},
  address   = {Berlin Heidelberg},
  isbn      = {3-540-31713-9}
}

@incollection{Whitlow2005,
  author    = {H. J. Whitlow and H. Timmers},
  title     = {Charge exchange and electron stripping},
  booktitle = {Electrostatic Accelerators},
  editor    = {R. Hellborg},
  publisher = {Springer},
  year      = {2005},
  address   = {Berlin Heidelberg}
}

@mastersthesis{peterrømermøller,
    title    = {AMS ^{14}C Analyse at an
Acceleration Potential of 600 kV},
    school   = {Aarhus University},
    author   = {P. R. Møller, Eesa},
    year     = {2022}, 
}

@online{uchicago2024carbon14,
  author       = {University of Chicago},
  title        = {What is carbon-14 dating?},
  year         = {2024},
  url          = {https://news.uchicago.edu/explainer/what-is-carbon-14-dating},
  note         = {Accessed: 2024-11-29}
}

@article{korschinek2010,
  author       = {Korschinek, G. and Bergmaier, A. and Faestermann, T. and Gerstmann, U. and Knie, K. and Rugel, G. and Wallner, A. and Dillmann, I. and Dollinger, G. and Von Gostomski, C. L. and Kossert, K. and Maiti, M. and Poutivtsev, M. and Remmert, A.},
  title        = {A new value for the half-life of \(^{10}Be\) by Heavy-Ion Elastic Recoil Detection and liquid scintillation counting},
  journal      = {Nuclear Instruments and Methods in Physics Research Section B: Beam Interactions with Materials and Atoms},
  volume       = {268},
  number       = {2},
  pages        = {187--191},
  year         = {2010},
  doi          = {10.1016/j.nimb.2009.09.020},
  url          = {https://doi.org/10.1016/j.nimb.2009.09.020}
}

@article{chmeleff2010,
  author       = {Chmeleff, J. and Von Blanckenburg, F. and Kossert, K. and Jakob, D.},
  title        = {Determination of the \(^{10}\)Be half-life by multicollector ICP-MS and liquid scintillation counting},
  journal      = {Nuclear Instruments and Methods in Physics Research Section B: Beam Interactions with Materials and Atoms},
  volume       = {268},
  number       = {2},
  pages        = {192--199},
  year         = {2010},
  doi          = {10.1016/j.nimb.2009.09.012},
  url          = {https://doi.org/10.1016/j.nimb.2009.09.012}
}

@article{ehmann1958,
  author       = {Ehmann, W. and Kohman, T.},
  title        = {Cosmic-ray-induced radioactivities in meteorites—II \(^{26}Al\), \(^{10}Be\) and \(^{60}Co\), aerolites, siderites and tektites},
  journal      = {Geochimica et Cosmochimica Acta},
  volume       = {14},
  number       = {4},
  pages        = {364--379},
  year         = {1958},
  doi          = {10.1016/0016-7037(58)90075-9},
  url          = {https://doi.org/10.1016/0016-7037(58)90075-9}
}


